<?xml version="1.0" encoding="UTF-8"?><collection xmlns="http://www.loc.gov/MARC21/slim"><record><leader>00498nam--2200145-i-4500</leader><controlfield tag="001">000039203</controlfield><controlfield tag="002">20161230</controlfield><controlfield tag="005">20161230201042</controlfield><controlfield tag="008">060222s1000------------r-----000-0-eng-d</controlfield><datafield ind1=" " ind2=" " tag="080"><subfield code="a">541.1-16:541.183</subfield></datafield><datafield ind1=" " ind2=" " tag="245"><subfield code="a">Chemical physics of solids and their surfaces. vol.8: a review of the recent literature publ.up to the end of 1978</subfield></datafield><datafield ind1=" " ind2=" " tag="260"><subfield code="a">London, The Royal Society Of Chemistry, 1980, X + 250p</subfield></datafield><datafield ind1=" " ind2=" " tag="490"><subfield code="a">A Specialist Periodical Report</subfield></datafield><datafield ind1=" " ind2=" " tag="700"><subfield code="a">Roberts, M.W.And Thomas, J.M</subfield></datafield><datafield ind1=" " ind2=" " tag="852"><subfield code="a">49187</subfield></datafield></record></collection>